@book{bishop2024deeplearning,
    author = "Christopher M. Bishop with Hugo Bishop",
    title = "Deep Learning: Foundations and Concepts",
    publisher = "Springer",
    year = "2024"
}

@unpublished{grabocka2024diffusers,
    author = "Prof. Dr. Josif Grabocka",
    title = "Generative HPO with Diffusers",
    note = "University of Technology Nuremberg, 2024",
    key = "assignment"
}